@article{Patricia1995Detecting,
  title={Detecting Earnings Management},
  author={Patricia M. Dechow and Richard G. Sloan and Amy P. Sweeney},
  journal={The Accounting Review},
  volume={70},
  number={2},
  pages={193-225},
  year={1995},
}

@article{Mark1996An,
  title={An Empirical Analysis of the Relation between the Board of Director Composition and Financial Statement Fraud},
  author={Mark S. Beasley},
  journal={The Accounting Review},
  volume={71},
  number={4},
  pages={443-465},
  year={1996},
}

@article{DechowP1996Causes,
  title={Causes and Consequences of Earnings Manipulation: An Analy},
  author={DechowP and SloanR and SweeneyA},
  year={1996},
}

@article{Summers1998Fraudulently,
  title={Fraudulently Misstated Financial Statements and Insider Trading: An Empirical Analysis},
  author={Summers, Scott L. and Sweeney, John T.},
  journal={Accounting Review},
  volume={73},
  number={1},
  pages={131-146},
  year={1998},
}

@article{Bell2000A,
  title={A Decision Aid for Assessing the Likelihood of Fraudulent Financial Reporting},
  author={Bell, Timothy B. and Carcello, Joseph V.},
  journal={Auditing A Journal of Practice},
  volume={19},
  number={1},
  pages={169-184},
  year={2000},
}

@article{Chawla2002SMOTE,
  title={SMOTE: synthetic minority over-sampling technique},
  author={Chawla, Nitesh V. and Bowyer, Kevin W. and Hall, Lawrence O. and Kegelmeyer, W. Philip},
  journal={Journal of Artificial Intelligence Research},
  volume={16},
  number={1},
  pages={321-357},
  year={2002},
}

@article{Cecchini2011Making,
  title={Making words work: Using financial text as a predictor of financial events},
  author={Cecchini, Mark and Aytug, Haldun and Koehler, Gary J. and Pathak, Praveen},
  journal={Decision Support Systems},
  volume={50},
  number={1},
  pages={164-175},
  year={2011},
}

@article{Dechow2011Predicting,
  title={Predicting Material Accounting Misstatements},
  author={Dechow, Patricia M. and Weili, G. E. and Larson, Chad R. and Sloan, Richard G.},
  journal={Contemporary Accounting Research},
  volume={28},
  number={1},
  pages={17–82},
  year={2011},
}

@article{周晓苏2011基于盈余管理动机的财务重述研究,
  title={基于盈余管理动机的财务重述研究},
  author={周晓苏 and 周琦},
  journal={当代财经},
  number={2},
  pages={109-117},
  year={2011},
}

@article{Whiting2012Machine,
  title={Machine Learning Methods For Detecting Patterns Of Management Fraud},
  author={Whiting, David G and Hansen, James V and Mcdonald, James B and Albrecht, Conan and Albrecht, W. Steve},
  journal={Computational Intelligence},
  volume={28},
  number={4},
  pages={505-527},
  year={2012},
}

@article{Varian2014Big,
  title={Big Data: New Tricks for Econometrics},
  author={Varian, Hal R},
  journal={The Journal of Economic Perspectives},
  volume={28},
  number={2},
  pages={3-27},
  year={2014},
}

@article{Perols2015Finding,
  title={Finding Needles in a Haystack: Using Data Analytics to Improve Fraud Prediction},
  author={Perols, Johan and Bowen, Robert M and Zimmermann, Carsten and Samba, Basamba},
  journal={Social Science Electronic Publishing},
  year={2015},
}

@article{Beneish1997Detecting,
  title={Detecting GAAP violation: implications for assessing earnings management among firms with extreme financial performance},
  author={Beneish, Messod D.},
  journal={Journal of Accounting and Public Policy},
  volume={16},
  number={16},
  pages={271-309},
  year={1997},
  abstract={Downloadable (with restrictions)! Author(s): Beneish, Messod D.. 1997 Abstract: No abstract is available for this item.},
}

@article{Dechow2006The,
  title={The relation between earnings and cash flows},
  author={Dechow, Patricia M. and Kothari, S. P. and Watts, Ross L.},
  journal={Social Science Electronic Publishing},
  volume={25},
  number={2},
  pages={133-168},
  year={2006},
  keywords={Accruals;cash flows;earnings;correlations},
  abstract={A model of earnings, cash flows and accruals is developed assuming a random walk sales process, variable and fixed costs, and that the only accruals are account},
}

@article{Ettredge2011Is,
  title={Is Earnings Fraud Associated with High Deferred Tax and/or Book Minus Tax Levels?},
  author={Ettredge, Michael and Sun, Lili and Lee, Picheng and Anandarajan, Asokan},
  journal={Social Science Electronic Publishing},
  volume={27},
  number={1},
  pages={1-33},
  year={2011},
  keywords={earnings overstatement;earnings quality;financial statement fraud;book income;taxable income;deferred tax expenses;SFAS No. 109},
  abstract={The objective of this paper is to provide preliminary evidence whether SFAS No. 109 tax data might be useful in distinguishing between firms that do versus do n},
}

@article{Felo2007Using,
  title={Using Nonfinancial Measures to Assess Fraud Risk},
  author={Felo, Andrew J},
  year={2007},
}

@phdthesis{孙欣然2015盈余管理、分析师盈余预测与重大错报风险,
  title={盈余管理、分析师盈余预测与重大错报风险},
  author={孙欣然},
  school={吉林大学},
  year={2015},
}

@article{Japkowicz2000The,
  title={The class imbalance problem: Significance and strategies, Proceedings of the Second International Conference on Artificial},
  author={Japkowicz, N.},
  year={2000},
 abstract={react-text: 232 La terminologia in uso per la respirazione artificiale segue le indicazioni fornite nel 1992 dalla AARC-Consensus Conference (Tab. 8.1).  /react-text  react-text: 233   /react-text},
}

@inproceedings{Chawla2003SMOTEBoost,
  title={SMOTEBoost: Improving Prediction of the Minority Class in Boosting},
  author={Chawla, Nitesh V. and Lazarevic, Aleksandar and Hall, Lawrence O. and Bowyer, Kevin W.},
  booktitle={Knowledge Discovery in Databases: Pkdd 2003,  European Conference on Principles and Practice of Knowledge Discovery in Databases, Cavtat-Dubrovnik, Croatia, September 22-26, 2003, Proceedings},
  pages={107-119},
  year={2003},
}

@article{Breiman2001Random,
  title={Random Forests},
  author={Breiman, Leo},
  journal={Machine Learning},
  volume={45},
  number={1},
  pages={5-32},
  year={2001},
 keywords={classification;regression;ensemble},
 abstract={Random forests are a combination of tree predictors such that each tree depends on the values of a random vector sampled independently and with the same distribution for all trees in the forest. The g},
}

@article{Breiman1984Classification,
  title={Classification and Regression Trees (CART)},
  author={Breiman LI and J.H. Friedman and RA Olshen and C.J. Stone},
  journal={Encyclopedia of Ecology},
  volume={40},
  number={3},
  pages={582-588},
  year={1984},
 keywords={CiteSeerX;citations;Classification And Regression Trees. Chapman et;L Breiman;J Friedman;R Olshen;C Stone},
 abstract={Breiman, Leo; Friedman, Jerome H.; Olshen, Richard A.; Stone, Charles J.},
}

@article{Fawcett2006ROC,
  title={ROC graphs with instance-varying costs},
  author={Fawcett, Tom},
  journal={Pattern Recognition Letters},
  volume={27},
  number={8},
  pages={882-891},
  year={2006},
}

@article{Goodenough1974Radiographic,
  title={Radiographic applications of receiver operating characteristic (ROC) curves},
  author={Goodenough, D. J. and Rossmann, K and Lusted, L. B.},
  journal={Radiology},
  volume={110},
  number={1},
  pages={89},
  year={1974},
}
