@article{Chawla2002SMOTE,
  title={SMOTE: synthetic minority over-sampling technique},
  author={Chawla, Nitesh V. and Bowyer, Kevin W. and Hall, Lawrence O. and Kegelmeyer, W. Philip},
  journal={Journal of Artificial Intelligence Research},
  volume={16},
  number={1},
  pages={321-357},
  year={2002},
}


@article{Perols2015Finding,
  title={Finding Needles in a Haystack: Using Data Analytics to Improve Fraud Prediction},
  author={Perols, Johan and Bowen, Robert M and Zimmermann, Carsten and Samba, Basamba},
  journal={Social Science Electronic Publishing},
  year={2015},
}



@article{Bell2000A,
  title={A Decision Aid for Assessing the Likelihood of Fraudulent Financial Reporting},
  author={Bell, Timothy B. and Carcello, Joseph V.},
  journal={Auditing A Journal of Practice},
  volume={19},
  number={1},
  pages={169-184},
  year={2000},
}

@article{Susan2018The,
  title={The Impact of Machine Learning on Economics},
  author={Susan Athey},
  year={2018},
}

@article{Dechow2011Predicting,
  title={Predicting Material Accounting Misstatements},
  author={Dechow, Patricia M. and Weili, G. E. and Larson, Chad R. and Sloan, Richard G.},
  journal={Contemporary Accounting Research},
  volume={28},
  number={1},
  pages={17â€“82},
  year={2011},
}

@article{Fawcett2006ROC,
  title={ROC graphs with instance-varying costs},
  author={Fawcett, Tom},
  journal={Pattern Recognition Letters},
  volume={27},
  number={8},
  pages={882-891},
  year={2006},
}

@article{Goodenough1974Radiographic,
  title={Radiographic applications of receiver operating characteristic (ROC) curves},
  author={Goodenough, D. J. and Rossmann, K and Lusted, L. B.},
  journal={Radiology},
  volume={110},
  number={1},
  pages={89},
  year={1974},
}


